@article{abadi-2009-control-tissec,
  title={Control-flow integrity principles, implementations, and applications},
  author={Abadi, M. and Budiu, M. and Erlingsson, Ú. and Ligatti, J.},
  journal={ACM Transactions on Information and System Security (TISSEC)},
  volume={13},
  number={1},
  articleno={4},
  pages={4:1–4:40},
  month={October},
  year={2009},
  publisher={ACM},
  address={New York, NY, USA}
}

% The paper I worked with for the talk. Can't find page numbers.
@inproceedings{abadi-2005-control-ccs,
  title={Control-flow integrity principles, implementations, and applications},
  author={Abadi, M. and Budiu, M. and Erlingsson, Ú. and Ligatti, J.},
  booktitle={Proceedings of the 12th ACM Conference on Computer and Communications Security},
  year={2005},
  publisher={ACM},
  address={New York, NY, USA},
  note={A preliminary version appears as Microsoft Research Technical Report MSR-TR-05-18, February 2005}
}

@inproceedings{abadi-2005-theory-fmse,
  title={A theory of secure control flow},
  author={Abadi, M. and Budiu, M. and Erlingsson, Ú. and Ligatti, J.},
  booktitle={Proceedings of the 7th International Conference on Formal Methods and Software Engineering},
  pages={111–124},
  year={2005},
  publisher={Springer},
  note={A preliminary version appears as Microsoft Research Technical Report MSR-TR-05-17, February 2005}
}

@techreport{abadi-2005-control-msr,
  title={Control-Flow Integrity},
  author={Abadi, M. and Budiu, M. and Erlingsson, Ú. and Ligatti, J.},
  institution={Microsoft Research},
  number={MSR-TR-05-18},
  year={2005}
}

@techreport{edwards-vulcan,
  title={Vulcan: Binary transformation in a distributed environment},
  author={Edwards, A. and Srivastava, A. and Vo, H.},
  institution={Microsoft Research},
  number={MSR-TR-2001-50},
  month={April},
  year={2001}
}

@article{oh-2002-control,
  title={Control-flow checking by software signatures},
  author={Oh, N. and Shirvani, P.P. and McCluskey, E.J.},
  journal={IEEE Transactions on Reliability},
  volume={51},
  number={2},
  pages={111–122},
  year={2002},
  publisher={IEEE}
}

@inproceedings{argos-2002-lessons,
  title={Strategies for fault-tolerant, space-based computing: Lessons learned from the {ARGOS} testbed},
  author={Lovellette, M.N. and Wood, K.S. and Wood, D.L. and Beall, J.H. and Shirvani, P.P. and Oh, N. and McCluskey, E.J.},
  booktitle={Aerospace Conference Proceedings, 2002. IEEE},
  volume={5},
  pages={2109—2119},
  year={2002},
  organization={IEEE}
}
@inproceedings{wilander2003comparison,
  title={A comparison of publicly available tools for dynamic buffer overflow prevention},
  author={Wilander, J. and Kamkar, M.},
  booktitle={10th Network and Distributed System Security Symposium},
  year={2003}
}
@article{one-1996-smashing,
  title={Smashing the stack for fun and profit},
  author={One, A.},
  journal={Phrack magazine},
  number={49},
  pages={14–16},
  year={1996}
}
@article{anonymous-2001-free,
  title={Once upon a free()},
  author={Anonymous},
  journal={Phrack magazine},
  number={57},
  year={2001}
}
@article{pincus-2004-beyond,
  title={Beyond stack smashing: Recent advances in exploiting buffer overruns},
  author={Pincus, J. and Baker, B.},
  journal={Security \& Privacy, IEEE},
  volume={2},
  number={4},
  pages={20–27},
  year={2004},
  publisher={IEEE}
}
